<?xml version="1.0" encoding="UTF-8"?><collection xmlns="http://www.loc.gov/MARC21/slim"><record><leader>00403nam--2200169-i-4500</leader><controlfield tag="001">000025860</controlfield><controlfield tag="002">20161230</controlfield><controlfield tag="005">20161230201036</controlfield><controlfield tag="008">060222s1000------------r-----000-0-eng-d</controlfield><datafield ind1=" " ind2=" " tag="040"><subfield code="a">IFIN-HH</subfield></datafield><datafield ind1=" " ind2=" " tag="080"><subfield code="a">523.5</subfield></datafield><datafield ind1="1" ind2=" " tag="100"><subfield code="a">Kaiser, T.R</subfield></datafield><datafield ind1="1" ind2="0" tag="245"><subfield code="a">Meteors</subfield><subfield code="c">T.r. kaiser (ed.)</subfield></datafield><datafield ind1=" " ind2=" " tag="260"><subfield code="a">London</subfield><subfield code="b">Pergamon Press</subfield><subfield code="c">1955</subfield></datafield><datafield ind1=" " ind2=" " tag="300"><subfield code="a">VII + 204P</subfield></datafield><datafield ind1=" " ind2=" " tag="852"><subfield code="a">10305</subfield><subfield code="c">523</subfield></datafield><datafield ind1=" " ind2=" " tag="CAT"><subfield code="a">Sys</subfield><subfield code="c">20130827</subfield><subfield code="h">173551</subfield></datafield></record></collection>